<?xml version="1.0" encoding="UTF-8"?><collection xmlns="http://www.loc.gov/MARC21/slim"><record><leader>00385nam--2200133-i-4500</leader><controlfield tag="001">000018621</controlfield><controlfield tag="002">20161230</controlfield><controlfield tag="005">20161230201032</controlfield><controlfield tag="008">060222s1000------------r-----000-0-eng-d</controlfield><datafield ind1=" " ind2=" " tag="245"><subfield code="a">Electrostatic propulsion</subfield></datafield><datafield ind1=" " ind2=" " tag="260"><subfield code="a">London, Academic Press, 1961. Xi + 579 P</subfield></datafield><datafield ind1=" " ind2=" " tag="490"><subfield code="a">Progress In Astronautics And Rocketry</subfield></datafield><datafield ind1=" " ind2=" " tag="700"><subfield code="a">Langmuir, David B., Stuhlinger, E., Sellen, J</subfield></datafield><datafield ind1=" " ind2=" " tag="852"><subfield code="a">18295</subfield></datafield></record></collection>